<record><leader>00000cas a22000007a 4500</leader><controlfield tag="001">26175181</controlfield><controlfield tag="008">920713c19899999mouwr ne      0    0eng d</controlfield><datafield ind1=" " ind2=" " tag="010"><subfield code="a">sn 92058889 </subfield></datafield><datafield ind1=" " ind2=" " tag="040"><subfield code="a">MQN</subfield><subfield code="b">eng</subfield><subfield code="c">MQN</subfield><subfield code="d">OCLCQ</subfield></datafield><datafield ind1=" " ind2=" " tag="042"><subfield code="a">msc</subfield></datafield><datafield ind1="0" ind2="0" tag="245"><subfield code="a">Weekly news democrat.</subfield></datafield><datafield ind1=" " ind2=" " tag="260"><subfield code="a">Jefferson County, Mo. :</subfield><subfield code="b">Jefferson County Publications,</subfield><subfield code="c">1989-</subfield></datafield><datafield ind1=" " ind2=" " tag="300"><subfield code="a">v.</subfield></datafield><datafield ind1=" " ind2=" " tag="310"><subfield code="a">Weekly</subfield></datafield><datafield ind1="0" ind2=" " tag="362"><subfield code="a">Vol. 123, no. 241 (Dec. 15, 1989)-</subfield></datafield><datafield ind1=" " ind2=" " tag="500"><subfield code="a">Published in Festus, Mo.</subfield></datafield><datafield ind1=" " ind2=" " tag="752"><subfield code="a">United States</subfield><subfield code="b">Missouri</subfield><subfield code="c">Jefferson</subfield><subfield code="d">Festus.</subfield></datafield><datafield ind1="0" ind2="0" tag="780"><subfield code="t">Jefferson County daily news democrat</subfield><subfield code="w">(DLC)sn 89066933</subfield></datafield></record>